@IEEEtranBSTCTL{bstctl:etal,
  CTLuse_forced_etal = {yes},
  CTLmax_names_forced_etal = {3},
}

@IEEEtranBSTCTL{bstctl:nodash,
  CTLdash_repeated_names = {no},
}

@IEEEtranBSTCTL{bstctl:simpurl,
  CTLname_url_prefix = {Available: },
}

@book{lamport94,
    author    = "Leslie Lamport",
    title     = "{\LaTeX: A Document Preparation System}",
    year      = "1994",
    publisher = "Addison-Wesley",
    edition = "2nd",
    address   = "Reading, Massachusetts"
}

@book{goossens93,
    author    = "Michel Goossens and Frank Mittelbach and Alexander Samarin",
    title     = "The LaTeX Companion",
    year      = "1993",
    publisher = "Addison-Wesley",
    address   = "Reading, Massachusetts"
}

@misc{micro46,
    author = "Matthew Farrens and others",
    title = "{MICRO'46 Conference Site}",
    year = "2013",
    url = "http://www.microarch.org/micro46/",
}

@INPROCEEDINGS{bakhodayuan09, 
    author={Bakhoda, A. and Yuan, G.L. and Fung, W.W.L. and Wong, H. and Aamodt, T.M.}, 
    booktitle={IEEE International Symposium on Performance Analysis of Systems and Software (ISPASS)}, 
    title={Analyzing CUDA workloads using a detailed GPU simulator}, 
    year={2009}, 
}

@INPROCEEDINGS{arnold94,
    author = {Robert Arnold and Frank Mueller and David Whalley and Marion Harmon},
    title = {Bounding worst-case instruction cache performance},
    booktitle = {In IEEE Real-Time Systems Symposium},
    year = {1994},
    pages = {172--181}
}

@inproceedings{yeh93,
  title={Increasing the instruction fetch rate via multiple branch prediction and a branch address cache},
  author={Yeh, Tse-Yu and Marr, Deborah T and Patt, Yale N},
  booktitle={Proceedings of the 7th international conference on Supercomputing},
  pages={67--76},
  year={1993},
  organization={ACM}
}

@article{keckler2011,
  title={GPUs and the future of parallel computing},
  author={Keckler, Stephen W and Dally, William J and Khailany, Brucek and Garland, Michael and Glasco, David},
  journal={IEEE Micro},
  volume={31},
  number={5},
  pages={7--17},
  year={2011},
  publisher={Institute of Electrical and Electronics Engineers, Inc., 345 E. 47 th St. NY NY 10017-2394 United States}
}
